@ARTICLE{ estonian:voting,
AUTHOR="Unknown",
TITLE="General Framework of Electronic Voting
and Implementation thereof at National Elections in
Estonia",
YEAR="2016"
}