@misc{pa,
author={Ankit Patel},
title={Medium},
year={2018},
howpublished= {\url{https://medium.com/@ankit_233/history-of-the-blockchain-1991-38d6d4c3420c}},
note            = {data dostępu: rok 2020},
}

@misc{bitcoin,
title={Czym jest Bitcoin?},
year={2020},
howpublished= {\url{https://academy.binance.com/pl/articles/what-is-bitcoin\#what-is-bitcoin}},
note            = {data dostępu: rok 2020},
}

@misc{bitcoin-vs-blockchain,
title={Jaka jest różnica między Blockchainem a Bitcoinem?},
year={2020},
howpublished= {\url{https://academy.binance.com/pl/articles/difference-between-blockchain-and-bitcoin}},
note            = {data dostępu: rok 2020},
}

@misc{nodes,
title={Węzły (nodes) - czym są i jak działają?},
year={2020},
howpublished= {\url{https://academy.binance.com/pl/articles/what-are-nodes}},
note            = {data dostępu: rok 2020},
}

@misc{smart-contract,
title={Co to Smart Kontrakt?},
year={2020},
howpublished= {\url{https://academy.binance.com/pl/articles/what-are-smart-contracts}},
note            = {data dostępu: rok 2020},
}

@misc{abpos,
title={Dowód Stawki (Proof of Stake)},
year={2020},
howpublished= {\url{https://academy.binance.com/pl/articles/proof-of-stake-explained}},
note            = {data dostępu: rok 2020},
}

@misc{abpow,
title={Czym jest atak 51\%?},
year={2020},
howpublished= {\url{https://academy.binance.com/pl/articles/what-is-a-51-percent-attack}},
note            = {data dostępu: rok 2020},
}

@misc{abiot,
title={Przykłady wykorzystania Blockchain: Internet Rzeczy (IoT)},
year={2020},
howpublished= {\url{https://academy.binance.com/pl/articles/blockchain-use-cases-the-internet-of-things}},
note            = {data dostępu: rok 2020},
}

@misc{abpoa,
title={Dowód Autorytetu (Proof of Authority) - jak działa},
year={2020},
howpublished= {\url{https://academy.binance.com/pl/articles/proof-of-authority-explained}},
note            = {data dostępu: rok 2020},
}

@misc{pow-bitcoin,
title={Proof-of-Work Explained},
year={2018},
howpublished={\url{https://cointelegraph.com/explained/proof-of-work-explained}},
note            = {data dostępu: rok 2020},
}

@misc{elctricity-bitcoin,
title={Bitcoin Mining Now Consuming More Electricity Than 159 Countries Including Ireland and Most Countries In Africa},
year={2018},
howpublished= {\url{https://powercompare.co.uk/bitcoin/}},
note            = {data dostępu: rok 2020},
}

@misc{sp-han,
title={Kodeks Spółek Handlowych Art. 402. Tryb zwoływania walnego zgromadzenia},
year={2020},
howpublished= {\url{https://www.lexlege.pl/ksh/oddzial-3-walne-zgromadzenie/57/}},
note            = {data dostępu: rok 2020},
}

@misc{CBECI,
title={Cambridge Bitcoin Electricity Consumption Index (CBECI)},
year={2019},
howpublished= {\url{https://www.epe.admin.cam.ac.uk/cambridge-bitcoin-electricity-consumption-index-cbeci}},
note            = {data dostępu: rok 2020},
}

@misc{PKO,
title={PKO BP wdraża nową wersję trwałego nośnika. To pierwsze takie rozwiązanie w Europie},
year={2020},
howpublished={\url{https://fintek.pl/pko-bp-wdraza-nowa-wersje-trwalego-nosnika-to-pierwsze-takie-rozwiazanie-w-europie/}},
note            = {data dostępu: rok 2020},
}

@misc{PKO-SMART,
title={BLOCKCHAIN W PKO BANKU POLSKIM},
year={2020},
howpublished={\url{https://fintech.pkobp.pl/blockchain-w-banku/}},
note            = {data dostępu: rok 2020},
}

@misc{eVoting-dzialanie,
title={Walne zgromadzenia. eVoting - Jak to działa?},
year={2020},
howpublished={\url{https://www.kdpw.pl/pl/uslugi/Walne\_zgromadzenia/Strony/Jak-to-dziala.asp}x},
note            = {data dostępu: rok 2020},
}

@misc{estonian:voting,
title={General Framework of Electronic Voting and Implementation thereof at National Elections in Estonia},
year={2020},
howpublished={\url{https://www.venice.coe.int/files/13EMB/13EMB_Priit_Vinkel.pdf}},
note            = {data dostępu: rok 2020},
}

@misc{piechk,
title={Leksykon pojęć na temat technologii blockchain i kryptowalut},
year={2020},
howpublished={\url{https://www.gov.pl/documents/31305/0/leksykon\_pojec\_na\_temat\_technologii\_blockchain\_i\_kryptowalut.pdf/77392774-1180-79ab-4dd5-089ffab37602}},
note            = {data dostępu: rok 2020},
}

@inproceedings{p2pbib,
author = {Schollmeier, Rüdiger},
year = {2001},
month = {09},
pages = {101 - 102},
title = {A Definition of Peer-to-Peer Networking for the Classification of Peer-to-Peer Architectures and Applications},
isbn = {0-7695-1503-7},
journal = {Proc. of the First International Conference on Peer-to-Peer Computing},
doi = {10.1109/P2P.2001.990434}
}

@book{business,
author = {Vadapalli, Ravindhar},
year = {2020},
month = {10},
pages = {5},
title = {BLOCKCHAIN FUNDAMENTALS TEXT BOOK Fundamentals of Blockchain},
isbn = {301.345.908}
}

@book{4-concepts,
author = {Vadapalli, Ravindhar},
year = {2020},
month = {10},
pages = {15},
title = {BLOCKCHAIN FUNDAMENTALS TEXT BOOK Fundamentals of Blockchain},
isbn = {301.345.908}
}

@article{atack51,
AUTHOR = {Sayeed, Sarwar and Marco-Gisbert, Hector},
TITLE = {Assessing Blockchain Consensus and Security Mechanisms against the 51% Attack},
JOURNAL = {Applied Sciences},
VOLUME = {9},
YEAR = {2019},
NUMBER = {9},
ARTICLE-NUMBER = {1788},
URL = {https://www.mdpi.com/2076-3417/9/9/1788},
ISSN = {2076-3417},
DOI = {10.3390/app9091788},
note            = {data dostępu: rok 2020},
}

@article{hash, 
title={Kryptograficzne funkcje skrótu}, 
volume={R. 54 nr 2 (193)}, ISSN={0860-889X}, 
journal={Zeszyty Naukowe Akademii Marynarki Wojennej}, 
author={Rodwald, P.}, 
year={2013}, 
pages={91–102}
}